@article{zdun2008,
	author  = "Uwe Zdun",
	title   = "Pattern-Based Design of a Service-Oriented Middleware for Remote Object Federations",
	journal = "",
	year    = "2008",
	note    = "http://www.infosys.tuwien.ac.at/staff/zdun/publications/leelaSOAMiddleware.pdf"
}
